@misc{frank,
    author =       "Frank	Alexander	Kraemer",
    title =        "Autonomous	Adaptive Sensing for Energy-Efficient IoT Applications"},
    year =         "2017",
    organization =  NTNU
}

@masterthesis{Amen,
    author =       "Amen Hussain",
    title =        "Energy Consumption of Wireless IoT Nodes"},
    year =         "2017",
    organization =  NTNU
}

@book{GPS,
    author =       "Ahmed El-Rabbany",
    title =        "Introduction to GPS: The Global Positioning System, Second Edition 2nd Revised ed. Edition"}

@manual{Intersil,
    
    author=         "Intersil"
    title=          "Sensing elements for current measurment"
    year =          2014

}

@manual{Infineon,
    author =        "Infineon"
    title =         "Current Sensing Using Linear Hall Sensors"
    year=           2009
}

@manual{Vishay,
    author =        "Vishay Intertechnology"
    title =         Components and Methods for Current Measurement"
    year=           2015
}

@techreport{EAC,
    author  = "I.Kadayif, M. Kandemir, N. Vijaykrishnan, M. J. Irwin, and A. Sivasubramaniam"
    title   = "EAC: A Compiler Framework for High-Level Energy Estimation and Optimization"
    year    = 2002
    institution = Pennsylvania State University

}

@techreport{Software Energy,
    author  = "Deguang Li, Bing Guo, Junke Li, Jihe Wang, Yanhui, Yan Shen"
    title   = "Software Energy Consumption Estimation at Architecture-level"
    year    = 2016
    institution = Sichuan Universit and Chengdu University of Information Technology

}


@techreport{Energy GPS,
    author  = "Jie Liu, Bodhi Priyantha, Ted Hart, Heitor S. Ramos, Antonio A.F. Loureiro"
    title   = "Energy Efficient GPS Sensing with Cloud Offloading"
    year    = 2012
    institution = Microsoft Research, Federal University of Minas Gerais

}

@techreport{Energy_Gupta,
    author  = "Subodh Gupta, Farid N.Najm"
    title   = "Energy and Peak-Current Per-Cycle Estimation at RTL"
    year    = 2003

}

@article{Energy_Ana,
    author  = "Ana Belen Abril Garcia, Jean Gobert, Thomas Dombek, Habib Mehrex and Fre'de'ric Pitrot"
    title   = "Cycle-Accurate Energy Estimation in System Level Descriptions of Embedded Systems"
    institution = Philips Research France & ASIM/LIPG Lab, Universitk Paris VI, France

}
